<record><leader>00000cas a2200000 a 4500</leader><controlfield tag="001">37754069</controlfield><controlfield tag="008">971008d19321936oruwr ne      0    0eng c</controlfield><datafield ind1=" " ind2=" " tag="010"><subfield code="a">sn 96088162 </subfield></datafield><datafield ind1=" " ind2=" " tag="040"><subfield code="a">OCN</subfield><subfield code="b">eng</subfield><subfield code="c">OCN</subfield><subfield code="d">OCLCQ</subfield><subfield code="d">OCLCF</subfield><subfield code="d">OCLCO</subfield></datafield><datafield ind1="1" ind2=" " tag="029"><subfield code="a">AU@</subfield><subfield code="b">000013537668</subfield></datafield><datafield ind1=" " ind2=" " tag="042"><subfield code="a">pcc</subfield></datafield><datafield ind1=" " ind2=" " tag="043"><subfield code="a">n-us-or</subfield></datafield><datafield ind1="0" ind2="0" tag="245"><subfield code="a">Garibaldi-Rockaway news.</subfield></datafield><datafield ind1="1" ind2="3" tag="246"><subfield code="a">Garibaldi news</subfield></datafield><datafield ind1=" " ind2=" " tag="260"><subfield code="a">Garibaldi, Tillamook County, Or. :</subfield><subfield code="b">F.C. Baker,</subfield><subfield code="c">1932-1936.</subfield></datafield><datafield ind1=" " ind2=" " tag="300"><subfield code="a">v.</subfield></datafield><datafield ind1=" " ind2=" " tag="310"><subfield code="a">Weekly</subfield></datafield><datafield ind1="0" ind2=" " tag="362"><subfield code="a">Vol. 8, no. 40 (Jan. 8, 1932)-v. 13, no. 1 (Mar. 27, 1936).</subfield></datafield><datafield ind1=" " ind2=" " tag="530"><subfield code="a">Also issued on microfilm from University of Oregon.</subfield></datafield><datafield ind1=" " ind2="0" tag="651"><subfield code="a">Garibaldi (Or.)</subfield><subfield code="v">Newspapers.</subfield></datafield><datafield ind1=" " ind2="0" tag="651"><subfield code="a">Rockaway (Or.)</subfield><subfield code="v">Newspapers.</subfield></datafield><datafield ind1=" " ind2="7" tag="655"><subfield code="a">Newspapers.</subfield><subfield code="2">fast</subfield><subfield code="0">(OCoLC)fst01423814</subfield></datafield><datafield ind1=" " ind2="7" tag="651"><subfield code="a">Oregon</subfield><subfield code="z">Garibaldi.</subfield><subfield code="2">fast</subfield><subfield code="0">(OCoLC)fst01247692</subfield></datafield><datafield ind1=" " ind2="7" tag="651"><subfield code="a">Oregon</subfield><subfield code="z">Rockaway.</subfield><subfield code="2">fast</subfield><subfield code="0">(OCoLC)fst01249853</subfield></datafield><datafield ind1=" " ind2=" " tag="752"><subfield code="a">United States</subfield><subfield code="b">Oregon</subfield><subfield code="c">Tillamook</subfield><subfield code="d">Garibaldi.</subfield></datafield><datafield ind1="0" ind2="0" tag="780"><subfield code="t">Garibaldi news</subfield><subfield code="w">(DLC)sn 96088161</subfield></datafield><datafield ind1="0" ind2="0" tag="785"><subfield code="t">North Tillamook County news</subfield><subfield code="w">(DLC)sn 96088163</subfield></datafield></record>